<record><leader>00000cas a22000007a 4500</leader><controlfield tag="001">16387626</controlfield><controlfield tag="008">870804d198u1988nyuwr ne      0   a0eng d</controlfield><datafield ind1=" " ind2=" " tag="010"><subfield code="a">sn 87002823 </subfield></datafield><datafield ind1=" " ind2=" " tag="040"><subfield code="a">NSD</subfield><subfield code="b">eng</subfield><subfield code="c">NSD</subfield><subfield code="d">CNW</subfield><subfield code="d">OCLCQ</subfield></datafield><datafield ind1=" " ind2=" " tag="012"><subfield code="j">1</subfield><subfield code="m">d</subfield></datafield><datafield ind1="0" ind2=" " tag="022"><subfield code="a">0894-976X</subfield><subfield code="l">0894-976X</subfield><subfield code="y">0887-2252</subfield><subfield code="2">1</subfield></datafield><datafield ind1="1" ind2=" " tag="029"><subfield code="a">AU@</subfield><subfield code="b">000045332495</subfield></datafield><datafield ind1=" " ind2=" " tag="037"><subfield code="b">Southern Connecticut Business Journal, 222 Grace Church St., Port Chester, NY 10573</subfield></datafield><datafield ind1=" " ind2=" " tag="042"><subfield code="a">nsdp</subfield></datafield><datafield ind1="1" ind2="0" tag="082"><subfield code="a">330</subfield><subfield code="2">11</subfield></datafield><datafield ind1="0" ind2=" " tag="210"><subfield code="a">South. Conn. bus. j.</subfield></datafield><datafield ind1=" " ind2="0" tag="222"><subfield code="a">Southern Connecticut business journal</subfield></datafield><datafield ind1="0" ind2="0" tag="245"><subfield code="a">Southern Connecticut business journal.</subfield></datafield><datafield ind1=" " ind2=" " tag="260"><subfield code="a">[Port Chester, NY :</subfield><subfield code="b">Axon Business Publications]</subfield></datafield><datafield ind1=" " ind2=" " tag="310"><subfield code="a">Weekly</subfield></datafield><datafield ind1="0" ind2=" " tag="362"><subfield code="a">-v. 19, no. 13 (week of Apr. 18, 1988).</subfield></datafield><datafield ind1=" " ind2=" " tag="588"><subfield code="a">Description based on: Vol. 18, (May 25-31, 1987); title from caption.</subfield></datafield><datafield ind1="0" ind2="0" tag="780"><subfield code="t">Connecticut business journal (Fort Washington, Pa. : 1986)</subfield><subfield code="x">0889-5325</subfield></datafield><datafield ind1="0" ind2="0" tag="785"><subfield code="t">Fairfield County business journal</subfield><subfield code="x">0898-9818</subfield><subfield code="w">(DLC)sn 88006144</subfield></datafield></record>